@article{papermateus,
  author =       {{M.A. Tunes and T.R. Czank and E.S. Goncalves and L.F. Franceschetti and
                  C.G. Schoen}},
  title =        {{A primer in computational science of Stochastic Mechanics at
                  undergraduate level}},
  journal =      {AshEse Journal of Physical Science},
  volume =       1,
  pages =        {22--32},
  year =         2015,
  url =       {http://www.ashese.co.uk/ajps-issue-3},
  issue =        3,
  month =        {August},
  numpages =     2,
  publisher =    {AshEse Visionary Limited},
}

@article{pourya2015,
  author =       {Pourya Ayria and Ahmad R. T. Nugraha and Eddwi H. Hasdeo and
                  Thomas R. Czank and Shin-ichiro Tanaka and Riichiro Saito},
  title =        {Photon Energy Dependence of Angle-Resolved Photoemission
                  Spectroscopy in Graphene},
  journal =      {Physical Review B},
  volume =       92,
  number =       19,
  pages =        195148,
  year =         2015,
  doi =          {10.1103/physrevb.92.195148},
  url =          {https://doi.org/10.1103/physrevb.92.195148},
  DATE_ADDED =   {Mon Sep 14 19:28:51 2020},
}

@article{KunWan2017,
  title={The feasibility study of ghost hits reduction in {Belle 2}/{SVD} using {P-N} charge correlation from beam test data},
  author={Kun Wan and Hiroaki Aihara and Akimasa Ishikawa and Yoshiyuki Onuki and Naoya Kambara and Junya Sasaki and Nobuhiko Sato and Nobuhiro Shimizu and Junichi Suzuki and Yoshiaki Seino and Toru Tsuboyama and Koji Hara and Hideo Higuchi and Tomohiro Horiguchi and Hitoshi Yamamoto and Tomoko Morii and Toshiki Yoshinobu and Minori Watanabe and Shun Watanuki and Thomas Czank and Kookhyun Kang and Hyebin Jeon and Changwoo Joo and Seugnchul Lee and Antonio Paladino and Katsuro Nakamura},
  journal={日本物理学会講演概要集},
  volume={72.1},
  number={ },
  pages={56-56},
  year={2017},
  doi={10.11316/jpsgaiyo.72.1.0_56}
}

@article{HiroakiAihara2017,
  title={Status of the {Belle} {II} {SVD} {Layer} 6 mass production},
  author={Hiroaki Aihara and Akimasa Ishikawa and Antonio Paladino and Kookhyun Kang and Changwoo Joo and Hyebin Jeon and Tomohiro Horiguchi and Katsuro Nakamura and Koji Hara and Naoya Kanbara and Minori Watanabe and Nobuhiko Sato and Junichi Suzuki and Yoshiyuki Onuki and Junya Sasaki and Yoshiaki Seino and Seugnchul Lee and Nobuhiro Shimizu and Takeo Higuchi and Thomas Czank and Tomoko Morii and Toru Tsuboyama and Kun Wan and Shun Watanuki and Toshiki Yoshinobu and Hitoshi Yamamoto and Belle II Collaboration},
  journal={日本物理学会講演概要集},
  volume={72.1},
  number={ },
  pages={58-58},
  year={2017},
  doi={10.11316/jpsgaiyo.72.1.0_58}
}

@inproceedings{Czank:2017YB,
  author = "Czank, Thomas Rafael",
  title = "{Search for dark forces in flavor experiments}",
  doi = "10.22323/1.304.0026",
  booktitle = "Proceedings of The 15th International Conference on Flavor Physics & CP Violation {\textemdash} PoS(FPCP2017)",
  year = 2017,
  volume = "304",
  pages = "026"
}

@article{tomohoripaper,
  title = {Evidence for Isospin Violation and Measurement of ${CP}$ Asymmetries in ${B}\ensuremath{\rightarrow}{K}^{*}(892)\ensuremath{\gamma}$},
  author = {Horiguchi, T. and Ishikawa, A. and Yamamoto, H. and Adachi, I. and Aihara, H. and Al Said, S. and Asner, D. M. and Aulchenko, V. and Aushev, T. and Ayad, R. and Babu, V. and Badhrees, I. and Bakich, A. M. and Bansal, V. and Behera, P. and Bhardwaj, V. and Bhuyan, B. and Biswal, J. and Bobrov, A. and Bonvicini, G. and Bozek, A. and Bra\ifmmode \check{c}\else \v{c}\fi{}ko, M. and Browder, T. E. and \ifmmode \check{C}\else \v{C}\fi{}ervenkov, D. and Chekelian, V. and Chen, A. and Cheon, B. G. and Chilikin, K. and Cho, K. and Choi, Y. and Cinabro, D. and Czank, T. and Dash, N. and Di Carlo, S. and Dole\ifmmode \check{z}\else \v{z}\fi{}al, Z. and Dr\'asal, Z. and Dutta, D. and Eidelman, S. and Epifanov, D. and Farhat, H. and Fast, J. E. and Ferber, T. and Fulsom, B. G. and Gaur, V. and Gabyshev, N. and Garmash, A. and Gelb, M. and Gillard, R. and Goldenzweig, P. and Golob, B. and Guan, Y. and Guido, E. and Haba, J. and Hara, T. and Hayasaka, K. and Hayashii, H. and Hedges, M. T. and Higuchi, T. and Hirose, S. and Hou, W.-S. and Iijima, T. and Inami, K. and Inguglia, G. and Itoh, R. and Iwasaki, Y. and Jacobs, W. W. and Jaegle, I. and Jeon, H. B. and Jia, S. and Jin, Y. and Joffe, D. and Joo, K. K. and Julius, T. and Kang, K. H. and Kawasaki, T. and Kim, D. Y. and Kim, J. B. and Kim, K. T. and Kim, M. J. and Kim, S. H. and Kim, Y. J. and Kinoshita, K. and Kody\ifmmode \check{s}\else \v{s}\fi{}, P. and Korpar, S. and Kotchetkov, D. and Kri\ifmmode \check{z}\else \v{z}\fi{}an, P. and Krokovny, P. and Kuhr, T. and Kulasiri, R. and Kumar, R. and Kumita, T. and Kuzmin, A. and Kwon, Y.-J. and Lange, J. S. and Li, C. H. and Li, L. and Li Gioi, L. and Libby, J. and Liventsev, D. and Lubej, M. and Luo, T. and Masuda, M. and Matsuda, T. and Matvienko, D. and Merola, M. and Miyabayashi, K. and Miyata, H. and Mizuk, R. and Mohanty, G. B. and Mohanty, S. and Moon, H. K. and Mori, T. and Mussa, R. and Nakano, E. and Nakao, M. and Nanut, T. and Nath, K. J. and Natkaniec, Z. and Nayak, M. and Nisar, N. K. and Nishida, S. and Ogawa, S. and Okuno, S. and Ono, H. and Pakhlov, P. and Pakhlova, G. and Pal, B. and Pardi, S. and Park, C.-S. and Park, H. and Paul, S. and Pedlar, T. K. and Pestotnik, R. and Piilonen, L. E. and Prasanth, K. and Pulvermacher, C. and Rauch, J. and Rostomyan, A. and Sakai, Y. and Sandilya, S. and Santelj, L. and Savinov, V. and Schneider, O. and Schnell, G. and Schwanda, C. and Schwartz, A. J. and Seino, Y. and Senyo, K. and Seong, I. S. and Sevior, M. E. and Shebalin, V. and Shen, C. P. and Shibata, T.-A. and Shiu, J.-G. and Simon, F. and Sokolov, A. and Solovieva, E. and Stari\ifmmode \check{c}\else \v{c}\fi{}, M. and Strube, J. F. and Sumisawa, K. and Sumiyoshi, T. and Takizawa, M. and Tamponi, U. and Tanida, K. and Tenchini, F. and Trabelsi, K. and Uchida, M. and Uglov, T. and Unno, Y. and Uno, S. and Urquijo, P. and Ushiroda, Y. and Usov, Y. and Van Hulse, C. and Varner, G. and Vinokurova, A. and Vorobyev, V. and Vossen, A. and Wang, C. H. and Wang, M.-Z. and Wang, P. and Watanabe, Y. and Watanuki, S. and Weber, T. and Widmann, E. and Won, E. and Yamashita, Y. and Ye, H. and Zhang, Z. P. and Zhilich, V. and Zhukova, V. and Zhulanov, V. and Zupanc, A.},
  collaboration = {Belle Collaboration},
  journal = {Phys. Rev. Lett.},
  volume = {119},
  issue = {19},
  pages = {191802},
  numpages = {8},
  year = {2017},
  month = {Nov},
  publisher = {American Physical Society},
  doi = {10.1103/PhysRevLett.119.191802},
  url = {https://link.aps.org/doi/10.1103/PhysRevLett.119.191802}
}

@article{PhysRevD.98.112006,
  title = {Measurement of the decays ${\mathrm{\ensuremath{\Lambda}}}_{c}\ensuremath{\rightarrow}\mathrm{\ensuremath{\Sigma}}\ensuremath{\pi}\ensuremath{\pi}$ at Belle},
  author = {Berger, M. and Schwanda, C. and Suzuki, K. and Adachi, I. and Ahn, J. K. and Aihara, H. and Al Said, S. and Asner, D. M. and Atmacan, H. and Aulchenko, V. and Aushev, T. and Ayad, R. and Babu, V. and Badhrees, I. and Bakich, A. M. and Bansal, V. and Behera, P. and Bhardwaj, V. and Bhuyan, B. and Biswal, J. and Bonvicini, G. and Bozek, A. and Bra\ifmmode \check{c}\else \v{c}\fi{}ko, M. and Browder, T. E. and \ifmmode \check{C}\else \v{C}\fi{}ervenkov, D. and Chen, A. and Cheon, B. G. and Chilikin, K. and Cho, K. and Choi, Y. and Cinabro, D. and Czank, T. and Dash, N. and Di Carlo, S. and Dole\ifmmode \check{z}\else \v{z}\fi{}al, Z. and Dutta, D. and Eidelman, S. and Epifanov, D. and Fast, J. E. and Ferber, T. and Fulsom, B. G. and Garg, R. and Gaur, V. and Gabyshev, N. and Garmash, A. and Gelb, M. and Giri, A. and Goldenzweig, P. and Grzymkowska, O. and Guan, Y. and Guido, E. and Haba, J. and Hara, T. and Hayasaka, K. and Hayashii, H. and Hedges, M. T. and Hou, W.-S. and Iijima, T. and Inami, K. and Inguglia, G. and Ishikawa, A. and Itoh, R. and Iwasaki, M. and Iwasaki, Y. and Jacobs, W. W. and Jaegle, I. and Jia, S. and Jin, Y. and Joo, K. K. and Julius, T. and Kaliyar, A. B. and Kang, K. H. and Karyan, G. and Kawasaki, T. and Kichimi, H. and Kiesling, C. and Kim, D. Y. and Kim, H. J. and Kim, J. B. and Kim, K. T. and Kim, S. H. and Kinoshita, K. and Kody\ifmmode \check{s}\else \v{s}\fi{}, P. and Korpar, S. and Kotchetkov, D. and Kri\ifmmode \check{z}\else \v{z}\fi{}an, P. and Kroeger, R. and Krokovny, P. and Kuhr, T. and Kulasiri, R. and Kuzmin, A. and Kwon, Y.-J. and Lange, J. S. and Lee, I. S. and Lee, S. C. and Li, L. K. and Li, Y. and Li Gioi, L. and Libby, J. and Liventsev, D. and Lubej, M. and Luo, T. and Masuda, M. and Matsuda, T. and Matvienko, D. and Merola, M. and Miyabayashi, K. and Miyata, H. and Mizuk, R. and Mohanty, G. B. and Moon, H. K. and Mori, T. and Mussa, R. and Nakano, T. and Nakao, M. and Nanut, T. and Nath, K. J. and Natkaniec, Z. and Nayak, M. and Niiyama, M. and Nisar, N. K. and Nishida, S. and Okuno, S. and Ono, H. and Onuki, Y. and Pakhlov, P. and Pakhlova, G. and Pal, B. and Park, H. and Paul, S. and Pavelkin, I. and Pedlar, T. K. and Pestotnik, R. and Piilonen, L. E. and Popov, V. and Ritter, M. and Rostomyan, A. and Russo, G. and Sakai, Y. and Salehi, M. and Sandilya, S. and Santelj, L. and Sanuki, T. and Savinov, V. and Schneider, O. and Schnell, G. and Schwartz, A. J. and Seino, Y. and Senyo, K. and Seon, O. and Sevior, M. E. and Shebalin, V. and Shen, C. P. and Shibata, T.-A. and Shimizu, N. and Shiu, J.-G. and Shwartz, B. and Simon, F. and Sokolov, A. and Solovieva, E. and Stari\ifmmode \check{c}\else \v{c}\fi{}, M. and Strube, J. F. and Sumihama, M. and Sumiyoshi, T. and Takizawa, M. and Tamponi, U. and Tanida, K. and Tenchini, F. and Uchida, M. and Uglov, T. and Unno, Y. and Uno, S. and Urquijo, P. and Usov, Y. and Van Hulse, C. and Varner, G. and Varvell, K. E. and Vinokurova, A. and Vorobyev, V. and Vossen, A. and Wang, B. and Wang, C. H. and Wang, M.-Z. and Wang, P. and Wang, X. L. and Watanabe, M. and Watanabe, Y. and Widmann, E. and Won, E. and Ye, H. and Yelton, J. and Yuan, C. Z. and Yusa, Y. and Zakharov, S. and Zhang, Z. P. and Zhilich, V. and Zhukova, V. and Zhulanov, V. and Zupanc, A.},
  collaboration = {The Belle Collaboration},
  journal = {Phys. Rev. D},
  volume = {98},
  issue = {11},
  pages = {112006},
  numpages = {10},
  year = {2018},
  month = {Dec},
  publisher = {American Physical Society},
  doi = {10.1103/PhysRevD.98.112006},
  url = {https://link.aps.org/doi/10.1103/PhysRevD.98.112006}
}

@article{hirose18_measur_tau_lepton_polar_r,
  author =       {S. Hirose and T. Iijima and I. Adachi and K. Adamczyk and H.
                  Aihara and S. Al Said and D. M. Asner and H. Atmacan and T.
                  Aushev and R. Ayad and T. Aziz and V. Babu and I. Badhrees and
                  A. M. Bakich and V. Bansal and M. Berger and V. Bhardwaj and
                  B. Bhuyan and J. Biswal and A. Bondar and A. Bozek and M.
                  Bra{\v{c}}ko and T. E. Browder and D. {\V{C}}ervenkov and
                  M.-C. Chang and P. Chang and V. Chekelian and A. Chen and B.
                  G. Cheon and K. Chilikin and K. Cho and S.-K. Choi and Y. Choi
                  and S. Choudhury and D. Cinabro and T. Czank and N. Dash and
                  S. Di Carlo and Z. Doležal and D. Dutta and S. Eidelman and J.
                  E. Fast and T. Ferber and B. G. Fulsom and R. Garg and V. Gaur
                  and N. Gabyshev and A. Garmash and M. Gelb and A. Giri and P.
                  Goldenzweig and B. Golob and Y. Guan and E. Guido and J. Haba
                  and K. Hara and K. Hayasaka and H. Hayashii and M. T. Hedges
                  and T. Higuchi and W.-S. Hou and C.-L. Hsu and K. Inami and G.
                  Inguglia and A. Ishikawa and R. Itoh and M. Iwasaki and I.
                  Jaegle and H. B. Jeon and Y. Jin and T. Julius and K. H. Kang
                  and G. Karyan and T. Kawasaki and D. Y. Kim and J. B. Kim and
                  S. H. Kim and Y. J. Kim and K. Kinoshita and P. Kody{\v{s}}
                  and S. Korpar and D. Kotchetkov and P. Križan and R. Kroeger
                  and P. Krokovny and T. Kuhr and R. Kulasiri and R. Kumar and
                  A. Kuzmin and Y.-J. Kwon and J. S. Lange and I. S. Lee and L.
                  K. Li and Y. Li and L. Li Gioi and J. Libby and D. Liventsev
                  and M. Lubej and T. Matsuda and K. Miyabayashi and H. Miyata
                  and G. B. Mohanty and S. Mohanty and H. K. Moon and T. Mori
                  and R. Mussa and K. R. Nakamura and M. Nakao and T. Nanut and
                  K. J. Nath and Z. Natkaniec and M. Niiyama and N. K. Nisar and
                  S. Nishida and S. Ogawa and S. Okuno and H. Ono and B. Pal and
                  S. Pardi and C. W. Park and H. Park and S. Paul and R.
                  Pestotnik and L. E. Piilonen and V. Popov and M. Ritter and A.
                  Rostomyan and M. Rozanska and Y. Sakai and M. Salehi and S.
                  Sandilya and Y. Sato and O. Schneider and G. Schnell and C.
                  Schwanda and A. J. Schwartz and Y. Seino and K. Senyo and M.
                  E. Sevior and V. Shebalin and T.-A. Shibata and N. Shimizu and
                  J.-G. Shiu and F. Simon and A. Sokolov and E. Solovieva and M.
                  Stari{\v{c}} and J. F. Strube and J. Stypula and M. Sumihama
                  and K. Sumisawa and T. Sumiyoshi and M. Takizawa and U.
                  Tamponi and K. Tanida and F. Tenchini and K. Trabelsi and M.
                  Uchida and T. Uglov and S. Uno and P. Urquijo and C. Van Hulse
                  and G. Varner and K. E. Varvell and V. Vorobyev and A. Vossen
                  and C. H. Wang and M.-Z. Wang and P. Wang and X. L. Wang and
                  S. Wehle and E. Widmann and E. Won and H. Yamamoto and Y.
                  Yamashita and H. Ye and C. Z. Yuan and Y. Yusa and S. Zakharov
                  and Z. P. Zhang and V. Zhilich and V. Zhukova and V. Zhulanov
                  and A. Zupanc and The Belle Collaboration},
  title =        {{Measurement} of the $\tau$ {Lepton} {Polarization} and ${R}({D}^{*})$ in the
                  {Decay} ${B}^{¯}\rightarrow {D}^{*} {\tau}^{-} {\bar{\nu}_{\tau}}$ {With} {One-Prong} {Hadronic} ${\tau}$ {Decays}
                  {At} {Belle}},
  journal =      {Physical Review D},
  volume =       97,
  number =       1,
  pages =        012004,
  year =         2018,
  doi =          {10.1103/physrevd.97.012004},
  url =          {https://doi.org/10.1103/physrevd.97.012004},
  DATE_ADDED =   {Mon Sep 14 20:21:10 2020},
}

@article{yelton18_obser_excit_omega_charm_baryon_e_collis,
  author =       {J. Yelton and I. Adachi and H. Aihara and S. Al Said and D. M.
                  Asner and V. Aulchenko and T. Aushev and R. Ayad and T. Aziz
                  and V. Babu and A. M. Bakich and V. Bansal and E. Barberio and
                  P. Behera and M. Berger and V. Bhardwaj and B. Bhuyan and J.
                  Biswal and A. Bobrov and A. Bozek and M. Bra{\v{c}}ko and T.
                  E. Browder and D. {\V{C}}ervenkov and P. Chang and A. Chen and
                  B. G. Cheon and K. Chilikin and K. Cho and S.-K. Choi and Y.
                  Choi and S. Choudhury and D. Cinabro and T. Czank and N. Dash
                  and S. Di Carlo and Z. Doležal and D. Dutta and S. Eidelman
                  and J. E. Fast and T. Ferber and B. G. Fulsom and R. Garg and
                  V. Gaur and N. Gabyshev and A. Garmash and M. Gelb and A. Giri
                  and P. Goldenzweig and B. Golob and D. Greenwald and E. Guido
                  and J. Haba and K. Hayasaka and H. Hayashii and M. T. Hedges
                  and W.-S. Hou and K. Inami and G. Inguglia and A. Ishikawa and
                  R. Itoh and M. Iwasaki and Y. Iwasaki and W. W. Jacobs and H.
                  B. Jeon and Y. Jin and T. Julius and K. H. Kang and G. Karyan
                  and Y. Kato and T. Kawasaki and H. Kichimi and D. Y. Kim and
                  H. J. Kim and J. B. Kim and S. H. Kim and K. Kinoshita and P.
                  Kody{\v{s}} and S. Korpar and D. Kotchetkov and P. Križan and
                  R. Kroeger and P. Krokovny and T. Kuhr and R. Kulasiri and T.
                  Kumita and A. Kuzmin and Y.-J. Kwon and J. S. Lange and I. S.
                  Lee and S. C. Lee and C. H. Li and L. K. Li and Y. Li and L.
                  Li Gioi and D. Liventsev and M. Lubej and T. Luo and M. Masuda
                  and D. Matvienko and M. Merola and H. Miyata and R. Mizuk and
                  G. B. Mohanty and H. K. Moon and T. Mori and R. Mussa and E.
                  Nakano and M. Nakao and T. Nanut and K. J. Nath and M. Nayak
                  and M. Niiyama and N. K. Nisar and S. Nishida and S. Ogawa and
                  S. Okuno and H. Ono and P. Pakhlov and G. Pakhlova and B. Pal
                  and H. Park and S. Paul and I. Pavelkin and T. K. Pedlar and
                  R. Pestotnik and L. E. Piilonen and V. Popov and M. Ritter and
                  G. Russo and Y. Sakai and S. Sandilya and V. Savinov and O.
                  Schneider and G. Schnell and C. Schwanda and Y. Seino and M.
                  E. Sevior and V. Shebalin and C. P. Shen and T.-A. Shibata and
                  N. Shimizu and J.-G. Shiu and B. Shwartz and F. Simon and J.
                  B. Singh and E. Solovieva and M. Stari{\v{c}} and J. F. Strube
                  and M. Sumihama and T. Sumiyoshi and K. Suzuki and M. Takizawa
                  and U. Tamponi and K. Tanida and F. Tenchini and M. Uchida and
                  T. Uglov and Y. Unno and S. Uno and Y. Usov and G. Varner and
                  K. E. Varvell and A. Vinokurova and V. Vorobyev and C. H. Wang
                  and M.-Z. Wang and P. Wang and X. L. Wang and Y. Watanabe and
                  S. Watanuki and E. Widmann and E. Won and H. Ye and Y. Yusa
                  and S. Zakharov and Z. P. Zhang and V. Zhilich and V. Zhulanov
                  and A. Zupanc and Belle Collaboration},
  title =        {{Observation} of {Excited} ${\Omega}_{c}$ {Charmed} {Baryons} in $e^+ e^-$ {Collisions}},
  journal =      {Physical Review D},
  volume =       97,
  number =       5,
  pages =        051102,
  year =         2018,
  doi =          {10.1103/physrevd.97.051102},
  url =          {https://doi.org/10.1103/physrevd.97.051102},
  DATE_ADDED =   {Mon Sep 14 20:22:07 2020},
}

@article{sibidanov18_searc_b_decay_at_belle_exper,
  author =       {A. Sibidanov and K. E. Varvell and I. Adachi and H. Aihara and
                  S. Al Said and D. M. Asner and T. Aushev and R. Ayad and V.
                  Babu and I. Badhrees and S. Bahinipati and A. M. Bakich and V.
                  Bansal and E. Barberio and P. Behera and B. Bhuyan and J.
                  Biswal and A. Bozek and M. Bra{\v{c}}ko and T. E. Browder and
                  D. {\V{C}}ervenkov and P. Chang and V. Chekelian and A. Chen
                  and B. G. Cheon and K. Chilikin and K. Cho and S.-K. Choi and
                  Y. Choi and D. Cinabro and T. Czank and N. Dash and S. Di
                  Carlo and Z. Doležal and Z. Dr{\'a}sal and D. Dutta and S.
                  Eidelman and D. Epifanov and J. E. Fast and T. Ferber and B.
                  G. Fulsom and V. Gaur and N. Gabyshev and A. Garmash and P.
                  Goldenzweig and D. Greenwald and Y. Guan and E. Guido and J.
                  Haba and K. Hayasaka and H. Hayashii and M. T. Hedges and S.
                  Hirose and W.-S. Hou and C.-L. Hsu and T. Iijima and K. Inami
                  and G. Inguglia and A. Ishikawa and R. Itoh and M. Iwasaki and
                  Y. Iwasaki and W. W. Jacobs and I. Jaegle and H. B. Jeon and
                  Y. Jin and K. K. Joo and T. Julius and J. Kahn and A. B.
                  Kaliyar and K. H. Kang and G. Karyan and T. Kawasaki and C.
                  Kiesling and D. Y. Kim and J. B. Kim and S. H. Kim and Y. J.
                  Kim and K. Kinoshita and P. Kody{\v{s}} and S. Korpar and D.
                  Kotchetkov and P. Križan and P. Krokovny and T. Kuhr and R.
                  Kulasiri and R. Kumar and A. Kuzmin and Y.-J. Kwon and J. S.
                  Lange and I. S. Lee and C. H. Li and L. Li and L. Li Gioi and
                  J. Libby and D. Liventsev and M. Lubej and T. Luo and M.
                  Masuda and T. Matsuda and M. Merola and K. Miyabayashi and H.
                  Miyata and R. Mizuk and G. B. Mohanty and H. K. Moon and T.
                  Mori and R. Mussa and E. Nakano and M. Nakao and T. Nanut and
                  K. J. Nath and Z. Natkaniec and M. Nayak and M. Niiyama and N.
                  K. Nisar and S. Nishida and S. Ogawa and S. Okuno and H. Ono
                  and P. Pakhlov and G. Pakhlova and B. Pal and C.-S. Park and
                  C. W. Park and H. Park and S. Paul and T. K. Pedlar and R.
                  Pestotnik and L. E. Piilonen and M. Ritter and A. Rostomyan
                  and M. Rozanska and Y. Sakai and M. Salehi and S. Sandilya and
                  Y. Sato and V. Savinov and O. Schneider and G. Schnell and C.
                  Schwanda and Y. Seino and K. Senyo and M. E. Sevior and V.
                  Shebalin and C. P. Shen and T.-A. Shibata and J.-G. Shiu and
                  F. Simon and A. Sokolov and E. Solovieva and M. Stari{\v{c}}
                  and J. F. Strube and J. Stypula and M. Sumihama and K.
                  Sumisawa and T. Sumiyoshi and M. Takizawa and U. Tamponi and
                  K. Tanida and F. Tenchini and K. Trabelsi and M. Uchida and S.
                  Uehara and T. Uglov and Y. Unno and S. Uno and P. Urquijo and
                  C. Van Hulse and G. Varner and V. Vorobyev and C. H. Wang and
                  M.-Z. Wang and P. Wang and M. Watanabe and S. Watanuki and E.
                  Widmann and E. Won and Y. Yamashita and H. Ye and J. Yelton
                  and C. Z. Yuan and Y. Yusa and Z. P. Zhang and V. Zhilich and
                  V. Zhukova and V. Zhulanov and A. Zupanc and The Belle
                  Collaboration},
  title =        {{Search} for ${B}^{-}$ $\rightarrow$ $\mu^-$ $\nu_\mu$ {Decays} {At} the {Belle}
                  {Experiment}},
  journal =      {Physical Review Letters},
  volume =       121,
  number =       3,
  pages =        031801,
  year =         2018,
  doi =          {10.1103/physrevlett.121.031801},
  url =          {https://doi.org/10.1103/physrevlett.121.031801},
  DATE_ADDED =   {Mon Sep 14 20:23:07 2020},
}

@article{PhysRevLett.124.141801,
  title = {{Search} for an {Invisibly} {Decaying} ${Z}^{\ensuremath{'}}$ {Boson} at {Belle} {II} in ${e}^{+}{e}^{\ensuremath{-}}\ensuremath{\rightarrow}{\ensuremath{\mu}}^{+}{\ensuremath{\mu}}^{\ensuremath{-}}({e}^{\ifmmode\pm\else\textpm\fi{}}{\ensuremath{\mu}}^{\ensuremath{\mp}})$ {Plus} {Missing} {Energy} {Final} {States}},
  author = {Adachi, I. and Ahlburg, P. and Aihara, H. and Akopov, N. and Aloisio, A. and Anh Ky, N. and Asner, D. M. and Atmacan, H. and Aushev, T. and Aushev, V. and Aziz, T. and Babu, V. and Baehr, S. and Bambade, P. and Banerjee, Sw. and Bansal, V. and Barrett, M. and Baudot, J. and Becker, J. and Behera, P. K. and Bennett, J. V. and Bernieri, E. and Bernlochner, F. U. and Bertemes, M. and Bessner, M. and Bettarini, S. and Bianchi, F. and Biswas, D. and Bozek, A. and Bra\ifmmode \check{c}\else \v{c}\fi{}ko, M. and Branchini, P. and Briere, R. A. and Browder, T. E. and Budano, A. and Burmistrov, L. and Bussino, S. and Campajola, M. and Cao, L. and Casarosa, G. and Cecchi, C. and \ifmmode \check{C}\else \v{C}\fi{}ervenkov, D. and Chang, M.-C. and Cheaib, R. and Chekelian, V. and Chen, Y. Q. and Chen, Y.-T. and Cheon, B. G. and Chilikin, K. and Cho, K. and Cho, S. and Choi, S.-K. and Choudhury, S. and Cinabro, D. and Corona, L. and Cremaldi, L. M. and Cunliffe, S. and Czank, T. and Dattola, F. and De La Cruz-Burelo, E. and De Nardo, G. and De Nuccio, M. and De Pietro, G. and de Sangro, R. and Destefanis, M. and Dey, S. and De Yta-Hernandez, A. and Di Capua, F. and Dole\ifmmode \check{z}\else \v{z}\fi{}al, Z. and Dom\'{\i}nguez Jim\'enez, I. and Dong, T. V. and Dort, K. and Dossett, D. and Dubey, S. and Duell, S. and Dujany, G. and Eidelman, S. and Eliachevitch, M. and Fast, J. E. and Ferber, T. and Ferlewicz, D. and Finocchiaro, G. and Fiore, S. and Fodor, A. and Forti, F. and Fulsom, B. G. and Ganiev, E. and Garcia-Hernandez, M. and Garg, R. and Gaur, V. and Gaz, A. and Gellrich, A. and Gemmler, J. and Ge\ss{}ler, T. and Giordano, R. and Giri, A. and Gobbo, B. and Godang, R. and Goldenzweig, P. and Golob, B. and Gomis, P. and Gradl, W. and Graziani, E. and Greenwald, D. and Guan, Y. and Hadjivasiliou, C. and Halder, S. and Hara, T. and Hartbrich, O. and Hayasaka, K. and Hayashii, H. and Hearty, C. and Hedges, M. T. and Heredia de la Cruz, I. and Hern\'andez Villanueva, M. and Hershenhorn, A. and Higuchi, T. and Hill, E. C. and Hoek, M. and Hsu, C.-L. and Hu, Y. and Iijima, T. and Inami, K. and Inguglia, G. and Irakkathil Jabbar, J. and Ishikawa, A. and Itoh, R. and Iwasaki, Y. and Jacobs, W. W. and Jaffe, D. E. and Jang, E.-J. and Jeon, H. B. and Jia, S. and Jin, Y. and Joo, C. and Joo, K. K. and Kahn, J. and Kakuno, H. and Kaliyar, A. B. and Kandra, J. and Karyan, G. and Kato, Y. and Kawasaki, T. and Kim, B. H. and Kim, C.-H. and Kim, D. Y. and Kim, K.-H. and Kim, S.-H. and Kim, Y. K. and Kim, Y. and Kimmel, T. D. and Kindo, H. and Kleinwort, C. and Kody\ifmmode \check{s}\else \v{s}\fi{}, P. and Koga, T. and Kohani, S. and Komarov, I. and Korpar, S. and Kovalchuk, N. and Kraetzschmar, T. M. G. and Kri\ifmmode \check{z}\else \v{z}\fi{}an, P. and Kroeger, R. and Krokovny, P. and Kuhr, T. and Kumar, J. and Kumar, M. and Kumar, R. and Kumara, K. and Kurz, S. and Kuzmin, A. and Kwon, Y.-J. and Lacaprara, S. and La Licata, C. and Lanceri, L. and Lange, J. S. and Lautenbach, K. and Lee, I.-S. and Lee, S. C. and Leitl, P. and Levit, D. and Li, L. K. and Li, Y. B. and Libby, J. and Lieret, K. and Li Gioi, L. and Liptak, Z. and Liu, Q. Y. and Liventsev, D. and Longo, S. and Luo, T. and Maeda, Y. and Maggiora, M. and Manoni, E. and Marcello, S. and Marinas, C. and Martini, A. and Masuda, M. and Matsuda, T. and Matsuoka, K. and Matvienko, D. and Meggendorfer, F. and Mei, J. C. and Meier, F. and Merola, M. and Metzner, F. and Milesi, M. and Miller, C. and Miyabayashi, K. and Miyake, H. and Mizuk, R. and Azmi, K. and Mohanty, G. B. and Moon, T. and Morii, T. and Moser, H.-G. and Mueller, F. and M\"uller, F. J. and Muller, Th. and Muroyama, G. and Mussa, R. and Nakano, E. and Nakao, M. and Nayak, M. and Nazaryan, G. and Neverov, D. and Niebuhr, C. and Nisar, N. K. and Nishida, S. and Nishimura, K. and Nishimura, M. and Oberhof, B. and Ogawa, K. and Onishchuk, Y. and Ono, H. and Onuki, Y. and Oskin, P. and Ozaki, H. and Pakhlov, P. and Pakhlova, G. and Paladino, A. and Panta, A. and Paoloni, E. and Park, H. and Paschen, B. and Passeri, A. and Pathak, A. and Paul, S. and Pedlar, T. K. and Peruzzi, I. and Peschke, R. and Pestotnik, R. and Piccolo, M. and Piilonen, L. E. and Popov, V. and Praz, C. and Prencipe, E. and Prim, M. T. and Purohit, M. V. and Rados, P. and Rasheed, R. and Reiter, S. and Remnev, M. and Resmi, P. K. and Ripp-Baudot, I. and Ritter, M. and Rizzo, G. and Rizzuto, L. B. and Robertson, S. H. and Rodr\'{\i}guez P\'erez, D. and Roney, J. M. and Rosenfeld, C. and Rostomyan, A. and Rout, N. and Russo, G. and Sahoo, D. and Sakai, Y. and Sandilya, S. and Sangal, A. and Santelj, L. and Sartori, P. and Sato, Y. and Savinov, V. and Scavino, B. and Schueler, J. and Schwanda, C. and Seddon, R. M. and Seino, Y. and Selce, A. and Senyo, K. and Sfienti, C. and Shen, C. P. and Shiu, J.-G. and Shwartz, B. and Sibidanov, A. and Simon, F. and Sobie, R. J. and Soffer, A. and Sokolov, A. and Solovieva, E. and Spataro, S. and Spruck, B. and Stari\ifmmode \check{c}\else \v{c}\fi{}, M. and Stefkova, S. and Stottler, Z. S. and Stroili, R. and Strube, J. and Sumihama, M. and Sumiyoshi, T. and Summers, D. J. and Suzuki, S. Y. and Tabata, M. and Takizawa, M. and Tamponi, U. and Tanaka, S. and Tanida, K. and Taniguchi, N. and Taras, P. and Tenchini, F. and Torassa, E. and Trabelsi, K. and Tsuboyama, T. and Uchida, M. and Unger, K. and Unno, Y. and Uno, S. and Ushiroda, Y. and Vahsen, S. E. and van Tonder, R. and Varner, G. S. and Varvell, K. E. and Vinokurova, A. and Vitale, L. and Vossen, A. and Wakai, M. and Wakeling, H. M. and Wan Abdullah, W. and Wang, C. H. and Wang, M.-Z. and Warburton, A. and Watanabe, M. and Webb, J. and Wehle, S. and Wessel, C. and Wiechczynski, J. and Windel, H. and Won, E. and Yabsley, B. and Yamada, S. and Yan, W. and Yang, S. B. and Ye, H. and Yin, J. H. and Yonenaga, M. and Yuan, C. Z. and Yusa, Y. and Zani, L. and Zhang, Z. and Zhilich, V. and Zhou, Q. D. and Zhou, X. Y. and Zhukova, V. I.},
  collaboration = {Belle II Collaboration},
  journal = {Phys. Rev. Lett.},
  volume = {124},
  issue = {14},
  pages = {141801},
  numpages = {9},
  year = {2020},
  month = {Apr},
  publisher = {American Physical Society},
  doi = {10.1103/PhysRevLett.124.141801},
  url = {https://link.aps.org/doi/10.1103/PhysRevLett.124.141801}
}

@article{Belle:2021feg,
    author = "Czank, T. and others",
    collaboration = "Belle",
    title = "{Search for $Z^{'} \rightarrow \mu^{+} \mu^{-}$ in the $L_\mu {-} L_\tau$ gauge-symmetric model at Belle}",
    eprint = "2109.08596",
    archivePrefix = "arXiv",
    primaryClass = "hep-ex",
    reportNumber = "Belle Preprint 2021-20 KEK Preprint 2021-24",
    doi = "10.1103/PhysRevD.106.012003",
    journal = "Phys. Rev. D",
    volume = "106",
    number = "1",
    pages = "012003",
    year = "2022"
}